<record xmlns="http://www.loc.gov/MARC21/slim" xmlns:xsi="http://www.w3.org/2001/XMLSchema-instance" xsi:schemaLocation="http://www.loc.gov/MARC21/slim http://www.loc.gov/standards/marcxml/schema/MARC21slim.xsd"><leader>     nam a22        4500</leader><controlfield tag="001">3068047</controlfield><controlfield tag="003">NNC</controlfield><controlfield tag="006">m        d        </controlfield><controlfield tag="007">cr cn |||m|||a</controlfield><controlfield tag="008">150313s1958    iq      o     000 0 und d</controlfield><datafield ind1=" " ind2=" " tag="040"><subfield code="a">NNU</subfield><subfield code="b">eng</subfield><subfield code="c">NNU</subfield></datafield><datafield ind1="1" ind2=" " tag="100"><subfield code="a">Qalqashandi&#772;, Ah&#803;mad ibn &#699;Abd Alla&#772;h.</subfield></datafield><datafield ind1="1" ind2="0" tag="245"><subfield code="6">880-01</subfield><subfield code="a">Niha&#772;yat al-arab fi&#772; ma&#699;rifat ansa&#772;b al-&#699;arab</subfield><subfield code="h">[electronic resource] /</subfield><subfield code="c">Ah&#803;mad ibn &#699;Abd Alla&#772;h al-Qalqashandi&#772;.</subfield></datafield><datafield ind1=" " ind2=" " tag="260"><subfield code="6">880-02</subfield><subfield code="a">Baghda&#772;d :</subfield><subfield code="b">Mat&#803;ba&#699;at al-Naja&#772;h&#803;,</subfield><subfield code="c">1958.</subfield></datafield><datafield ind1=" " ind2=" " tag="300"><subfield code="a">online resource (484 p.)</subfield></datafield><datafield ind1=" " ind2=" " tag="500"><subfield code="a">Part of the Arabic Collections Online (ACO) project, contributed by Columbia University Libraries.</subfield></datafield><datafield ind1=" " ind2=" " tag="533"><subfield code="a">Electronic reproduction.</subfield><subfield code="b">New York, N.Y. :</subfield><subfield code="c">New York University,</subfield><subfield code="d">2015.</subfield><subfield code="5">NNU</subfield></datafield><datafield ind1=" " ind2="0" tag="650"><subfield code="a">Arabs</subfield><subfield code="x">Genealogy</subfield><subfield code="x">Early works to 1800.</subfield></datafield><datafield ind1=" " ind2="7" tag="650"><subfield code="a">Arabs</subfield><subfield code="x">Genealogy.</subfield><subfield code="2">fast</subfield><subfield code="0">(OCoLC)fst00812585</subfield></datafield><datafield ind1=" " ind2="7" tag="655"><subfield code="a">Early works.</subfield><subfield code="2">fast</subfield><subfield code="0">(OCoLC)fst01411636</subfield></datafield><datafield ind1="2" ind2=" " tag="710"><subfield code="a">Columbia University.</subfield><subfield code="b">Libraries.</subfield></datafield><datafield ind1="0" ind2=" " tag="730"><subfield code="a">Arabic Collections Online.</subfield></datafield><datafield ind1="0" ind2="8" tag="776"><subfield code="i">Print version:</subfield><subfield code="a">Qalqashandi&#772;, Ah&#803;mad ibn &#699;Abd Alla&#772;h.</subfield><subfield code="t">Niha&#772;yat al-arab fi&#772; ma&#699;rifat ansa&#772;b al-&#699;arab</subfield><subfield code="w">(NNC)3068047</subfield><subfield code="w">(OCoLC)453139628</subfield></datafield><datafield ind1="4" ind2="0" tag="856"><subfield code="u">http://hdl.handle.net/2333.1/gxd256nj</subfield></datafield><datafield ind1="1" ind2="0" tag="880"><subfield code="6">245-01/r</subfield><subfield code="a">&#1606;&#1607;&#1575;&#1610;&#1577; &#1575;&#1604;&#1571;&#1585;&#1576; &#1601;&#1610; &#1605;&#1593;&#1585;&#1601;&#1577; &#1571;&#1606;&#1587;&#1575;&#1576; &#1575;&#1604;&#1593;&#1585;&#1576; /</subfield><subfield code="c">&#1578;&#1571;&#1604;&#1610;&#1601; &#1571;&#1576;&#1610; &#1575;&#1604;&#1593;&#1576;&#1575;&#1587; &#1571;&#1581;&#1605;&#1583; &#1576;&#1606; &#1593;&#1604;&#1610; &#1576;&#1606; &#1571;&#1581;&#1605;&#1583; &#1576;&#1606; &#1593;&#1576;&#1583; &#1575;&#1604;&#1604;&#1607; &#1575;&#1604;&#1602;&#1604;&#1602;&#1588;&#1606;&#1583;&#1610; &#1563; &#1593;&#1606;&#1610; &#1576;&#1606;&#1588;&#1585;&#1607; &#1608;&#1578;&#1581;&#1602;&#1610;&#1602;&#1607; &#1608;&#1575;&#1604;&#1578;&#1593;&#1604;&#1610;&#1602; &#1593;&#1604;&#1610;&#1607; &#1593;&#1604;&#1610; &#1575;&#1604;&#1582;&#1575;&#1602;&#1575;&#1606;&#1610;.</subfield></datafield><datafield ind1=" " ind2=" " tag="880"><subfield code="6">260-02/r</subfield><subfield code="a">&#1576;&#1594;&#1583;&#1575;&#1583; :</subfield><subfield code="b">&#1605;&#1591;&#1576;&#1593;&#1577; &#1575;&#1604;&#1606;&#1580;&#1575;&#1581;&#1548;</subfield><subfield code="c">1958.</subfield></datafield><datafield ind1=" " ind2=" " tag="959"><subfield code="a">NNU</subfield><subfield code="b">WEB</subfield><subfield code="c">GENI</subfield><subfield code="t">0</subfield><subfield code="m">Electronic access</subfield><subfield code="s">01</subfield></datafield><datafield ind1=" " ind2=" " tag="999"><subfield code="i">NNC_3068047</subfield><subfield code="o">(OCoLC)ocn453139628</subfield><subfield code="s">columbia_aco000445</subfield><subfield code="e">(ERROR-880)</subfield></datafield></record>